<?xml version="1.0" encoding="UTF-8"?><record xmlns="http://www.loc.gov/MARC21/slim" xmlns:cinclude="http://apache.org/cocoon/include/1.0" xmlns:zs="http://www.loc.gov/zing/srw/">
  <leader>00537cz  a2200145n  4500</leader>
  <controlfield tag="001">n  87143912 </controlfield>
  <controlfield tag="003">DLC</controlfield>
  <controlfield tag="005">20080522074959.0</controlfield>
  <controlfield tag="008">871117n| acannaabn          |n aaa      </controlfield>
  <datafield tag="010" ind1=" " ind2=" ">
    <subfield code="a">n  87143912 </subfield>
  </datafield>
  <datafield tag="035" ind1=" " ind2=" ">
    <subfield code="a">(OCoLC)oca01982745</subfield>
  </datafield>
  <datafield tag="040" ind1=" " ind2=" ">
    <subfield code="a">DLC</subfield>
    <subfield code="b">eng</subfield>
    <subfield code="c">DLC</subfield>
    <subfield code="d">OCoLC</subfield>
    <subfield code="d">DLC</subfield>
  </datafield>
  <datafield tag="100" ind1="1" ind2=" ">
    <subfield code="a">Lewkowska, Anna</subfield>
  </datafield>
  <datafield tag="670" ind1=" " ind2=" ">
    <subfield code="a">nuc87-119334: Her Strach w salonie gier automatycznych, 1983</subfield>
    <subfield code="b">(hdg. on MB rept.: Lewkowska, Anna; usage: Anna Lewkowska)</subfield>
  </datafield>
  <datafield tag="670" ind1=" " ind2=" ">
    <subfield code="a">Zabytkowe cmentarze na Kresach Wschodnich Drugiej Rzeczypospolitej, 2007:</subfield>
    <subfield code="b">t.p. (Anna Lewkowska)</subfield>
  </datafield>
</record>